 @article{Widi_SaraswatilDayakisni_2018, title={Kedisiplinan siswa-siswi SMA ditinjau dari perilaku shalat wajib lima waktu}, volume={4}, url={http://jpi.api-himpsi.org/index.php/jpi/article/view/45}, abstractNote={&amp;lt;p&amp;gt;Sekolah membuat tata tertib guna menjamin keberhasilan pendidikan, sedangkan kedisiplinan merupakan hal yang penting dalam mentaati tata tertib, akan tetapi tidak dapat dipungkiri masih banyak permasalahan yang muncul terkait dengan kedisiplinan. Kedisiplinan adalah sikap dan perilaku siswa yang sesuai dengan aturan-aturan yang berlaku di kelompok sekolah. Salah satu prediktor individu mempunyai kedisiplinan adalah disiplin shalat wajib lima waktu, karena individu yang disiplin shalat wajib akan mampu terbiasa berperilaku disiplin, mengatur waktu, dan mampu memunculkan perilaku yang baik karena dengan shalat individu tersebut senantiasa mengingat larangan dan perintah Allah SWT. Tujuan penelitian ini adalah untuk mengetahui hubungan disiplin shalat wajib lima waktu dengan kedisiplinan siswa SMA. Adapun subjek penelitian berjumlah 207 siswa SMA dengan menggunakan teknik cluster sampling. Data penelitian diperoleh dengan menggunakan dua skala, yaitu skala disiplin shalat wajib dan skala kedisiplinan. Analisis menggunakan korelasi product moment. Hasil penelitian menunjukkan adanya hubungan positif disiplin shalat wajib terhadap kedisiplinan siswa (r = 0.654, p = 0.000&amp;amp;lt; 0.05).&amp;lt;/p&amp;gt;}, number={2}, journal={Jurnal Psikologi Islam}, author={Widi, Eggy Nararya Narendra and Saraswati, Putri and Dayakisni, Tri}, year={2018}, month={Jan.}, pages={135â€”150} }

@article{Hurlock_1991, 
  author = {Elizabeth Bergner Hurlock},
  title = {Perkembangan anak},
  publisher = {Erlangga},
  volume ={1}, 
  year ={1991}
 }
@article{njoroge_2014,
 title = {Discipline as a Factor in Academic Performance in Kenya},
 author = {Philomena Mukami Njoroge},
 year = {2014},
  volume = {1},
 url = {https://doi.org/10.5901/jesr.2014.v4n1p289 }
 }

@book{tu2004peran,
  title = {Peran disiplin pada perilaku dan prestasi siswa},
  author = {Tu'u, Tulus},
  year = {2004},
  publisher = {Grasindo},
  address = {Jakarta}
}

