@misc{getronics2023,
    author = {Getronics},
    title = {The Importance of Mobile Testing in the Age of Apps},
    year = {2023},
    month = {May},
    day = {29},
    url = {https://www.getronics.com/the-importance-of-mobile-testing-in-the-age-of-apps/},
    note = {Accessed: 2025-04-13}
}
